<?xml version="1.0" encoding="UTF-8"?>
<marc:collection xmlns:marc="http://www.loc.gov/MARC21/slim" xmlns:xsi="http://www.w3.org/2001/XMLSchema-instance" xsi:schemaLocation="http://www.loc.gov/MARC21/slim http://www.loc.gov/standards/marcxml/schema/MARC21slim.xsd">
   <marc:record type="Bibliographic">
      <marc:leader>01739cam a2200409 a 4500</marc:leader>
      <marc:controlfield tag="001">478862</marc:controlfield>
      <marc:controlfield tag="003">NjP</marc:controlfield>
      <marc:controlfield tag="005">20170605130350.0</marc:controlfield>
      <marc:controlfield tag="008">881115s1987    ir a     b    001 0 ara d</marc:controlfield>
      <marc:datafield tag="024" ind1="7" ind2=" ">
         <marc:subfield code="a">princeton_aco001330</marc:subfield>
         <marc:subfield code="2">local</marc:subfield>
      </marc:datafield>
      <marc:datafield tag="035" ind1=" " ind2=" ">
         <marc:subfield code="a">(OCoLC)26275735</marc:subfield>
      </marc:datafield>
      <marc:datafield tag="035" ind1=" " ind2=" ">
         <marc:subfield code="a">(OCoLC)ocn175564470</marc:subfield>
      </marc:datafield>
      <marc:datafield tag="035" ind1=" " ind2=" ">
         <marc:subfield code="a">(OCoLC)175564470</marc:subfield>
      </marc:datafield>
      <marc:datafield tag="035" ind1=" " ind2=" ">
         <marc:subfield code="a">(CStRLIN)NJPG88-B57121</marc:subfield>
      </marc:datafield>
      <marc:datafield tag="035" ind1=" " ind2=" ">
         <marc:subfield code="9">ACF4552TS</marc:subfield>
      </marc:datafield>
      <marc:datafield tag="035" ind1=" " ind2=" ">
         <marc:subfield code="a">(NjP)478862</marc:subfield>
      </marc:datafield>
      <marc:datafield tag="040" ind1=" " ind2=" ">
         <marc:subfield code="a">NjP</marc:subfield>
         <marc:subfield code="c">PUL</marc:subfield>
         <marc:subfield code="d">PUL</marc:subfield>
      </marc:datafield>
      <marc:datafield tag="049" ind1=" " ind2=" ">
         <marc:subfield code="a">PULL</marc:subfield>
      </marc:datafield>
      <marc:datafield tag="079" ind1=" " ind2=" ">
         <marc:subfield code="a">ocm26275735</marc:subfield>
      </marc:datafield>
      <marc:datafield tag="100" ind1="1" ind2=" ">
         <marc:subfield code="6">880-01</marc:subfield>
         <marc:subfield code="a">Ashʻarī, Aḥmad ibn Muḥammad,</marc:subfield>
         <marc:subfield code="d">active 11th century-12th century.</marc:subfield>
         <marc:subfield code="0">http://id.loc.gov/authorities/names/n88296220</marc:subfield>
      </marc:datafield>
      <marc:datafield tag="240" ind1="1" ind2="0">
         <marc:subfield code="6">880-02</marc:subfield>
         <marc:subfield code="a">Nawādir</marc:subfield>
      </marc:datafield>
      <marc:datafield tag="245" ind1="1" ind2="0">
         <marc:subfield code="6">880-03</marc:subfield>
         <marc:subfield code="a">Kitāb al-nawādir /</marc:subfield>
         <marc:subfield code="c">li-Shaykh al-Qummīyīn Abī Jaʻfar Aḥmad ibn Muḥammad ibn ʻĪsá al-Ashʻarī al-Qummī.</marc:subfield>
      </marc:datafield>
      <marc:datafield tag="250" ind1=" " ind2=" ">
         <marc:subfield code="6">880-04</marc:subfield>
         <marc:subfield code="a">al-Ṭabʻah 1.</marc:subfield>
      </marc:datafield>
      <marc:datafield tag="260" ind1=" " ind2=" ">
         <marc:subfield code="6">880-05</marc:subfield>
         <marc:subfield code="a">Qum :</marc:subfield>
         <marc:subfield code="b">Madrasat al-Imām al-Mahdī,</marc:subfield>
         <marc:subfield code="c">1408 [1987]</marc:subfield>
      </marc:datafield>
      <marc:datafield tag="300" ind1=" " ind2=" ">
         <marc:subfield code="a">184 p. :</marc:subfield>
         <marc:subfield code="b">ill. ;</marc:subfield>
         <marc:subfield code="c">24 cm.</marc:subfield>
      </marc:datafield>
      <marc:datafield tag="504" ind1=" " ind2=" ">
         <marc:subfield code="a">Includes bibliographical references and indexes.</marc:subfield>
      </marc:datafield>
      <marc:datafield tag="650" ind1=" " ind2="0">
         <marc:subfield code="a">Hadith (Shiites)</marc:subfield>
         <marc:subfield code="x">Early works to 1800.</marc:subfield>
         <marc:subfield code="0">http://id.loc.gov/authorities/subjects/sh2008121359</marc:subfield>
      </marc:datafield>
      <marc:datafield tag="740" ind1="0" ind2=" ">
         <marc:subfield code="6">880-06</marc:subfield>
         <marc:subfield code="a">Nawādir.</marc:subfield>
      </marc:datafield>
      <marc:datafield tag="880" ind1="1" ind2=" ">
         <marc:subfield code="6">100-01/r</marc:subfield>
         <marc:subfield code="a">اشعري، احمد بن محمد،</marc:subfield>
         <marc:subfield code="d">active 11th century-12th century.</marc:subfield>
      </marc:datafield>
      <marc:datafield tag="880" ind1="1" ind2="0">
         <marc:subfield code="6">240-02/r</marc:subfield>
         <marc:subfield code="a">نوادر</marc:subfield>
      </marc:datafield>
      <marc:datafield tag="880" ind1="1" ind2="0">
         <marc:subfield code="6">245-03/r</marc:subfield>
         <marc:subfield code="a">كتاب النوادر /</marc:subfield>
         <marc:subfield code="c">لشيخ القميين ابي جعفر احمد بن محمد بن عيسى الاشعري القمي.</marc:subfield>
      </marc:datafield>
      <marc:datafield tag="880" ind1=" " ind2=" ">
         <marc:subfield code="6">250-04/r</marc:subfield>
         <marc:subfield code="a">الطبعة 1.</marc:subfield>
      </marc:datafield>
      <marc:datafield tag="880" ind1=" " ind2=" ">
         <marc:subfield code="6">260-05/r</marc:subfield>
         <marc:subfield code="a">قم :</marc:subfield>
         <marc:subfield code="b">مدرسة الامام المهدي،</marc:subfield>
         <marc:subfield code="c">1408 [1987]</marc:subfield>
      </marc:datafield>
      <marc:datafield tag="880" ind1="0" ind2=" ">
         <marc:subfield code="6">740-06/r</marc:subfield>
         <marc:subfield code="a">نوادر.</marc:subfield>
      </marc:datafield>
      <marc:datafield tag="998" ind1=" " ind2=" ">
         <marc:subfield code="a">07/16/92</marc:subfield>
         <marc:subfield code="s">9118</marc:subfield>
         <marc:subfield code="n">NjP</marc:subfield>
         <marc:subfield code="w">NJPG88B57121</marc:subfield>
         <marc:subfield code="d">11/15/88</marc:subfield>
         <marc:subfield code="c">JEB</marc:subfield>
         <marc:subfield code="b">JEB</marc:subfield>
         <marc:subfield code="i">920716</marc:subfield>
         <marc:subfield code="l">NJPG</marc:subfield>
      </marc:datafield>
      <marc:datafield tag="911" ind1=" " ind2=" ">
         <marc:subfield code="a">19921028</marc:subfield>
      </marc:datafield>
      <marc:datafield tag="912" ind1=" " ind2=" ">
         <marc:subfield code="a">19920716000000.0</marc:subfield>
      </marc:datafield>
      <marc:datafield tag="994" ind1=" " ind2=" ">
         <marc:subfield code="a">C0</marc:subfield>
         <marc:subfield code="b">PUL</marc:subfield>
      </marc:datafield>
      <marc:datafield tag="999" ind1=" " ind2=" ">
         <marc:subfield code="a">478862</marc:subfield>
      </marc:datafield>
   </marc:record>
</marc:collection>
